@article{m68,
  title={Contributions to a meteorology of the {T}ibetan {H}ighlands},
  author={Flohn, Hermann and Reiter, Elmar R},
  journal={Atmospheric science paper; no. 130},
  year={1968},
  publisher={Colorado State University. Libraries}
}


@article{m81,
  title={The elevated heat source of the {T}ibetan {H}ighlands and its role for the large scale atmospheric circulation},
  author={Flohn, Hermann},
  journal={Geological and ecological studies of the Qinghai-Xizang {P}lateau},
  volume={2},
  pages={1463--1469},
  year={1981}
}


@article{m04,
  title={The Daytime Evolution of the Atmospheric Boundary Layer and Convection over the {T}ibetan {P}lateau: Observations and Simulations},
  author={Yang, Kun and Koike, Toshio and Fujii, Hideyuki and Tamura, Toru and Xu, Xiangde and Bian, Lingen and Zhou, Mingyu},
  journal={Journal of the Meteorological Society of Japan},
  volume={82},
  number={6},
  pages={1777-1792},
  year={2004},
}




@article{m05,
  title={Characteristics of Diurnal Variations in Convection and Precipitation over the {S}outhern {T}ibetan {P}lateau during Summer},
  author={Fujinami, Hatsuki and Nomura, Shigeyuki and Yasunari, Tetsuzo},
  journal={Scientific Online Letters on the Atmosphere Sola},
  volume={1},
  number={3},
  pages={49-52},
  year={2005},
}



@article{m10,
  title={Diurnal variability of precipitation depth over the {T}ibetan {P}lateau and its surrounding regions.},
  author={Liang, Hu and Yang, Song and Li, Yao Dong and Gao, Shou Ting},
  journal={Advances in Atmospheric Sciences},
  volume={27},
  number={1},
  pages={115-122},
  year={2010},
}





@article{m11,
  title={Diurnal Variations of Warm-Season Precipitation East of the {T}ibetan {P}lateau over {C}hina},
  author={Bao, Xinghua and Zhang, Fuqing and Sun, Jianhua},
  journal={Monthly Weather Review},
  volume={139},
  number={9},
  pages={2790-2810},
  year={2011},
} 

@article{m11_2,
  title={Diurnal Variations of Precipitation, Deep Convection, and Lightning over and East of the Eastern {T}ibetan {P}lateau},
  author={Xu, Weixin and Zipser, Edward J},
  journal={Journal of Climate},
  volume={24},
  number={24},
  pages={448-465},
  year={2011},
}




@article{m12,
  title={{T}ibetan {P}lateau summer precipitation: covariability with circulation indices},
  author={Bothe, Oliver and Fraedrich, Klaus and Zhu, Xiuhua},
  journal={Theoretical \& Applied Climatology},
  volume={108},
  number={1-2},
  pages={293-300},
  year={2012},
}




@article{m12_2,
  title={Diurnal variation of summer precipitation over the {T}ibetan {P}lateau: a cloud-resolving simulation},
  author={Xu, Jianyu and Zhang, Bing and Wang, Minghuan and Wang, Huijuan},
  journal={Annales Geophysicae},
  volume={30},
  number={11},
  pages={1575-1586},
  year={2012},
}


@article{m12_3,
  title={On the origin and destination of atmospheric moisture and air mass over the {T}ibetan {P}lateau},
  author={Chen, Bin and Xu, Xiang De and Yang, Shuai and Zhang, Wei},
  journal={Theoretical & Applied Climatology},
  volume={110},
  number={3},
  pages={423-435},
  year={2012},
}



@article{m13,
  title={Influence of the {T}ibetan {P}lateau uplift on the Asian monsoon-arid environment evolution},
  author={Liu, Xiao Dong and Dong, Bu Wen and Liu, Xiao Dong and Dong, Bu Wen},
  journal={Chinese Science Bulletin},
  volume={58},
  number={34},
  pages={4277-4291},
  year={2013},
}



@article{m13_2,
  title={Precipitation Seasonality and Variability over the {T}ibetan {P}lateau as Resolved by the {H}igh {A}sia {R}eanalysis},
  author={Maussion, F and Scherer, D and Moelg, T and Collier, E and Curio, J},
  journal={Journal of Climate},
  volume={27},
  number={5},
  year={2014}
}


@article{m13_3,
  title={Effects of the {T}ibetan {P}lateau on the onset of the summer monsoon in {S}outh {A}sia: The role of the air-sea interaction},
  author={Amaral, C. R. L. and Brito, P. M. and Silva, D. A. and Carvalho, E. F.},
  journal={Journal of Geophysical Research-atmospheres},
  volume={118},
  number={4},
  pages={1760-1776},
  year={2013},
}


@article{m14,
  title={{T}ibetan {P}lateau precipitation as depicted by gauge observations, reanalyses and satellite retrievals},
  author={Tong, Kai and Su, Fengge and Yang, Daqing and Zhang, Leilei and Hao, Zhenchun},
  journal={International Journal of Climatology},
  volume={34},
  number={2},
  pages={265-285},
  year={2014},
}

@article{m17,
  title={Northward shift in circulation system over the Asian mid-latitudes linked to an increasing heating anomaly over the northern {T}ibetan {P}lateau during the past two decades},
  author={Zhang, Jie and Tang, Qun and Chen, Haishan and Liu, Shimeng},
  journal={International Journal of Climatology},
  volume={Online},
  number={2},
  pages={834-848},
  year={2017},
}


@article{c00,
  title={Climatic warming in the {T}ibetan {P}lateau during recent decades},
  author={Liu, Xiaodong and Chen, Baode and others},
  journal={International journal of climatology},
  volume={20},
  number={14},
  pages={1729--1742},
  year={2000}
}


@article{c04,
  title={Mutual influence between human activities and climate change in the {T}ibetan {P}lateau during recent years},
  author={Du, Mingyuan and Kawashima, Shigeto and Yonemura, Seiichiro and Zhang, Xianzhou and Chen, Shenbin},
  journal={Global and Planetary Change},
  volume={41},
  number={3},
  pages={241--249},
  year={2004},
  publisher={Elsevier}
}



@article{c08,
author={Wang, Bin and Bao, Qind and Hoskins, Brian and Wu, Guoxing and Liu, Yimin},
title={{T}ibetan {P}lateau warming and precipition changes in {E}ast {A}sia},
journal={Geophysical Research Letters},
volume={35},
year=2008}
}



@article{c14,
  title={A shift in cloud cover over the southeastern {T}ibetan {P}lateau since 1600: evidence from regional tree-ring $\delta$ 18 O and its linkages to tropical oceans},
  author={Liu, Xiaohong and Xu, Guobao and Grie{\ss}inger, Jussi and An, Wenling and Wang, Wenzhi and Zeng, Xiaomin and Wu, Guoju and Qin, Dahe},
  journal={Quaternary Science Reviews},
  volume={88},
  pages={55--68},
  year={2014},
  publisher={Elsevier}
}


@article{c15,
  title={Aridity changes in the {T}ibetan {P}lateau in a warming climate},
  author={Gao, Yanhong and Li, Xia and Leung, L Ruby and Chen, Deliang and Xu, Jianwei},
  journal={Environmental Research Letters},
  volume={10},
  number={3},
  pages={034013},
  year={2015},
  publisher={IOP Publishing}
}




@article{c15_2,
  title={The role of cloud height and warming in the decadal weakening of atmospheric heat source over the {T}ibetan {P}lateau},
  author={Wu, Hui and Yang, Kun and Niu, XiaoLei and Chen, YingYing},
  journal={Science {C}hina Earth Sciences},
  volume={58},
  number={3},
  pages={395--403},
  year={2015},
  publisher={Springer}
}






@article{c15_3,
  title={Evaporative cooling over the {T}ibetan {P}lateau induced by vegetation growth},
  author={Shen, Miaogen and Piao, Shilong and Jeong, Su-Jong and Zhou, Liming and Zeng, Zhenzhong and Ciais, Philippe and Chen, Deliang and Huang, Mengtian and Jin, Chun-Sil and Li, Laurent ZX and others},
  journal={Proceedings of the National Academy of Sciences},
  volume={112},
  number={30},
  pages={9299--9304},
  year={2015},
  publisher={National Acad Sciences}
}




@article{c17,
  title={Changes of snowfall under warming in the {T}ibetan {P}lateau},
  author={Deng, H and Pepin, NC and Chen, Y},
  journal={Journal of Geophysical Research Atmospheres},
  volume={122},
  year={2017}
}

@article{c17_2,
  title={Recent Changes in the Moisture Source of Precipitation over the {T}ibetan {P}lateau},
  author={Zhang, Chi and Tang, Qiuhong and Chen, Deliang},
  journal={Journal of Climate},
  volume={30},
  number={5},
  pages={1807--1819},
  year={2017}
}




@article{cu96,
  title={The spatial and temporal distribution of sever mesoscale convective systems over the {T}ibetan {P}lateau in summer},
  author={Jiang, J. and Xiang, X. and Fan, M.},
  journal={Chin. J. Appl. Meteo.},
  volume={7},
  pages={473-478},
  year={1996},
}


@article{cu02,
  title={Convective clouds and mesoscale convective systems over the {T}ibetan {P}lateau in summer},
  author={Jiang, J. and Fan, M.},
  journal={Chin. J. Appl. Meteo.},
  volume={26},
  pages={263-270},
  year={2002},
}


@article{cu06,
  title={Cloud type climatology over the {T}ibetan {P}lateau: A comparison of {ISCCP} and {MODIS/TERRA} measurements with surface observations},
  author={Li, Yueqing and Liu, Xiaodong and Chen, Baode},
  journal={Geophysical Research Letters},
  volume={33},
  number={17},
  pages={130-142},
  year={2006},
}



@article{cu08,
  title={Characteristics of Summer Convective Systems Initiated over the {T}ibetan {P}lateau. {P}art I: {O}rigin, {T}rack, {D}evelopment, and {P}recipitation},
  author={Yaodong, L and Yun, W. and Yang, S and Liang, H and Shouting, G},
  journal={Journal of Applied Meteorology and Climatology},
  volume={47},
  number={10},
  year={2008},
}


@article{cu10,
  title={Assessment of ISCCP cloudiness over the {T}ibetan {P}lateau using {C}loud{S}at-{{CALIPSO}}},
  author={Naud, Catherine M. and Chen, Yong Hua},
  journal={Journal of Geophysical Research Atmospheres},
  volume={115},
  number={D10},
  pages={D10203},
  year={2010},
}



@article{cu13,
  title={Cloud detection and analysis on the {T}ibetan {P}lateau using {M}eteosat and {C}loud{S}at},
  author={Ruethrich, Frank and Thies, Boris and Reudenbach, Christoph and Bendix, Joerg},
  journal={Journal of Geophysical Research-atmospheres},
  volume={118},
  number={17},
  pages={10082-10099},
  year={2013},
}


@article{cu13_2,
  title={A review of climatic controls on $\delta$18O in precipitation over the {T}ibetan {P}lateau: Observations and simulations},
  author={Yao, Tandong and Masson-Delmotte, Valerie and Gao, Jing and Yu, Wusheng and Yang, Xiaoxin and Risi, Camille and Sturm, Christophe and Werner, Martin and Zhao, Huabiao and He, You and others},
  journal={Reviews of Geophysics},
  volume={51},
  number={4},
  pages={525--548},
  year={2013},
  publisher={Wiley Online Library}
}










@article{cu15,
  title={Comprehensive radar observations of clouds and precipitation over the {T}ibetan {P}lateau and preliminary analysis of cloud properties},
  author={Liu, Liping and Zheng, Jiafeng and Ruan, Zheng and Cui, Zhehu and Hu, Zhiqun and Wu, Songhua and Dai, Guangyao and Wu, Yahao},
  journal={Journal of Meteorological Research},
  volume={29},
  number={4},
  pages={546--561},
  year={2015},
  publisher={Springer}
}







@article{cu16,
  title={Cumulus over the {T}ibetan {P}lateau in the Summer Based on
{C}loudSat–{CALIPSO} Data},
  author={Li, Yunying and Zhang, Minghua},
  journal={Climate},
  volume={29},
  pages={1219--1230},
  year={2016},
  publisher={Meteorological Society of Japan}
}





@article{cu16_2,
  title={Cloud vertical structure, precipitation, and cloud radiative effects over {T}ibetan {P}lateau and its neighboring regions},
  author={Yan, Yafei and Liu, Yimin and Lu, Jianhua},
  journal={Journal of Geophysical Research Atmospheres},
  volume={121},
  number={10},
  pages={5864-5877},
  year={2016},
}

@article{cu16_3,
  title={A study of cloud microphysics and precipitation over the {T}ibetan {P}lateau by radar observations and cloud-resolving model simulations},
  author={Gao, Wenhua and Sui, Chung-Hsiung and Fan, Jiwen and Hu, Zhiqun and Zhong, Lingzhi},
  journal={Journal of Geophysical Research},
  volume={121},
  year={2016},
}

@article{cu16_4,
  title={The seasonal variation of {T}ibetan Convective Systems: Satellite observation},
  author={Hu, Liang and Deng, Difei and Gao, Shouting and Xu, Xiangde},
  journal={Journal of Geophysical Research Atmospheres},
  volume={121},
  number={10},
  pages={5512-5525},
  year={2016},
}


@article{cu16_5,
  title={Summer rainfall over the southwestern {T}ibetan {P}lateau controlled by deep convection over the Indian subcontinent},
  author={Dong, Wenhao and Lin, Yanluan and Wright, Jonathon S and Ming, Yi and Xie, Yuanyu and Wang, Bin and Luo, Yong and Huang, Wenyu and Huang, Jianbin and Wang, Lei and others},
  journal={Nature communications},
  volume={7},
  pages={10925},
  year={2016},
  publisher={Nature Publishing Group}
}












@article{cu17,
  title={The regional differences of {T}ibetan convective
systems in boreal summer},
  author={Hu, Liang and Deng, Difei and Xu, Xiangde and Zhao, Ping },
  journal={Journal of Geophysical Research Atmosphere},
  volume={122},
  number={14},
  year={2017},
}




@article{cu17_2,
  title={The warming of {T}ibetan {P}lateau enhanced by 3D variation of low-level clouds during daytime},
  author={Pan, Zengxin and Mao, Feiyue and Gong, Wei and Min, Qilong and Wang, Wei},
  journal={Remote Sensing of Environment},
  volume={198},
  pages={363-368},
  year={2017},
}




@article{cu17_3,
  title={Characteristics of cloud cluster over the steep southern slopes of the {H}imalayas observed by {C}loud{S}at},
  author={Chen, Yilun and Fu, Yunfei and Xian, Tao and Pan, Xiao},
  journal={International Journal of Climatology},
  year={2017},
}


@article{cu17_4,
  title={Cloud vertical structures associated with precipitation magnitudes over the {T}ibetan {P}lateau and its neighboring regions},
  author={Yan, Ya-Fei and Wang, Xiao-Cong and Liu, Yi-Min},
  journal={Atmospheric and Oceanic Science Letters},
  pages={1--10},
  year={2017},
  publisher={Taylor \& Francis}
}



@article{cu17_5,
  title={Relationship between {I}ndian and {E}ast {A}sian summer rainfall variations},
  author={Wu, Renguang},
  journal={Advances in Atmospheric Sciences},
  volume={34},
  number={1},
  pages={4--15},
  year={2017},
  publisher={Springer}
}




@article{cu17_6,
  title={The Role of Shallow Convection over the {T}ibetan {P}lateau},
  author={Li, Yunying and Zhang, Minghua},
  journal={Journal of Climate},
  volume={30},
  number={15},
  pages={5791--5803},
  year={2017}
}





@article{cl_09,
  title={Comparing occurrences and vertical structures of hydrometeors between eastern {C}hina and the {I}ndian monsoon region using {C}loudSat/{{CALIPSO}} data},
  author={Luo, Yali and Zhang, Renhe and Wang, Hui},
  journal={Journal of Climate},
  volume={22},
  number={4},
  pages={1052--1064},
  year={2009}
}



@article{cl11,
  title={Inter-comparison of deep convection over the {T}ibetan {P}lateau-Asian Monsoon Region and subtropical {N}orth {A}merica in boreal summer using {C}loudSat/{{CALIPSO}} data},
  author={Luo, Y and Zhang, R and Qian, W and Luo, Z},
  journal={Journal of Climate},
  volume={24},
  number={8},
  pages={2164-2177},
  year={2011},
}


@article{cl14,
  title={Vertical structures and physical properties of the cold-season stratus clouds downstream of the {T}ibetan {P}lateau: Differences between daytime and nighttime},
  author={Zhang, Yi and Chen, Haoming and Yu, Rucong},
  journal={Journal of Climate},
  volume={27},
  number={18},
  pages={6857--6876},
  year={2014}
}



@article{cl15,
  title={Aerosol impacts on cloud thermodynamic phase change over {E}ast {A}sia observed with {{CALIPSO}} and {C}loud{S}at measurements},
  author={Zhang, Damao and Liu, Dong and Luo, Tao and Wang, Zhien and Yin, Yan},
  journal={Journal of Geophysical Research Atmospheres},
  volume={120},
  number={4},
  pages={1490-1501},
  year={2015},
}



@article{cl15_2,
  title={Cloud properties and radiative effects of the {A}sian summer monsoon derived from {A-T}rain data},
  author={Berry, Elizabeth and Mace, Gerald G},
  journal={Journal of Geophysical Research Atmospheres},
  volume={119},
  number={15},
  pages={9492-9508},
  year={2015},
}







@article{g14,
  title={The {G}lobal {P}recipitation {M}easurement {M}ission},
  author={Hou, Arthur Y and Kakar, Ramesh K and Neeck, Steven and Azarbarzin, Ardeshir A and Kummerow, Christian D and Kojima, Masahiro and Oki, Riko and Nakamura, Kenji and Iguchi, Toshio},
  journal={Bulletin of the American Meteorological Society},
  volume={95},
  number={5},
  pages={701-722},
  year={2014},
}




@article{g17,
  title={Ground Validation of {GPM IMERG} and {TRMM 3B42V7} Rainfall Products over Southern {T}ibetan {P}lateau Based on a High-Density Rain-Gauge Network},
  author={Xu, R and Tian, F and Yang, L and Hu, H and Lu, H},
  journal={Journal of Geophysical Research Atmospheres},
  volume={122},
  number={2},
  year={2017}
}


@book{g17_2,
  title={Use of {G}lobal {P}recipitation {M}easurement’s Satellite Data for the Study of a {M}esoscale {C}onvective {S}ystem},
  author={Mitropoulos, D. and Feidas, H.},
  publisher={Springer International Publishing},
  year={2017},
}




@article{mcs80,
  title={Mesoscale convective complexes},
  author={Maddox, R. A},
  journal={Bulletin of the American Meteorological Society},
  volume={61},
  number={11},
  pages={1374-1387},
  year={1980},
}











@book{cloud_dynamics96,
  title={Cloud Dynamics by Robert A. Houze},
  author={Houze, Robert A.},
  journal={Geography},
  number={1},
  pages={93},
  year={1996},
}


@article{cloud_optics2004,
  title={Optical properties of terrestrial clouds},
  author={Kokhanovsky, A.},
  journal={Earth Science Reviews},
  volume={64},
  number={3–4},
  pages={189-241},
  year={2004},
}



@book{synoptic_climate03,
  title={Synoptic and dynamic climatology},
  author={Barry, Roger B. and Carleton, Andrew M.},
  journal={Routledge, New York and London.},
  pages={129-130},
  year={2003},
}


@book{environmental_physics11,
  title={Environmental Physics: Sustainable Energy and Climate Change, Third Edition},
  author={Boeker, Egbert and Grondelle, Rienk Van},
  publisher={Wiley},
  pages={págs. 619-632},
  year={2011},
}

@article{IPCC_cloudsaerosols,
  title={Clouds and Aerosols.},
  author={Boucher,  O. and Randall, D. and  Artaxo, P. and Bretherton,C. and Feingold, G. and Forster, P. and Kerminen, V.M. and Kondo, Y. and Liao, H. and  Lohmann, U. and Rasch, P. and Satheesh, S.K. and Sherwood, S. and Stevens, B. and Zhang, X.J.},
  journal={In: Climate Change 2013: The Physical Science Basis. Contribution of Working Group I to the Fifth Assessment Report of the Intergovernmental Panel on Climate Change [Stocker, T.F., D. Qin, G.-K. Plattner, M. Tignor, S.K. Allen, J. Boschung, A. Nauels, Y. Xia, V. Bex and P.M. Midgley (eds.)]. Cambridge University Press, Cambridge, United Kingdom and New York, NY, USA.},
  pages={866-871},
  year={2013},
}


@article{IPCC_regionalTP,
  title={Annex I: Atlas of Global and Regional Climate Projections },
  author={IPCC, van Oldenborgh, G.J. and Collins, M. and Arblaster, J. and
Christensen, J.H. and Marotzke, J. and Power, S.B. and Rummukainen, M. and Zhou, T. (eds.)},
  journal={In: Climate Change 2013: The Physical Science Basis. Contribution of Working Group I to the Fifth Assessment Report of the Intergovernmental Panel on Climate 
Change [Stocker, T.F., D. Qin, G.-K. Plattner, M. Tignor, S.K. Allen, J. Boschung, A. Nauels, Y. Xia, V. Bex and P.M. Midgley 
(eds.)]. Cambridge University Press, Cambridge, United Kingdom and New York, NY, USA.},
  year={2013},
}



@book{MCS2013,
  title={Severe Convective Storms and Tornadoes},
  author={Bluestein, Howard B.},
  publisher={Springer Publishing Company, Incorporated},
  pages={283-283},
  year={2013},
}




@misc{NASA_cloudsat,
  title = {{NASA} {C}loud{S}at},
  howpublished = {\url{https://www.nasa.gov/mission_pages/cloudsat/main/index.html}},
  note = {Accessed: 2017-09-30}
}


@article{mace2008nasa,
  title={A NASA Earth System Science Pathfinder Mission, CloudSat Standard data Products Handbook},
  author={Mace, G},
  journal={Cooperative Institute for Research in the Atmosphere, Colorado State University, USA},
  year={2008}
}



@misc{NASA_{A-T}rain,
  title = {{NASA} {A-T}rain constellation},
  howpublished = {\url{https://atrain.gsfc.nasa.gov/}},
  note = {Accessed: 2017-09-30}
}

@misc{NASA_GPM,
  title = {{NASA} Global Precipitation Measurement Mission},
  howpublished = {\url{https://www.nasa.gov/mission_pages/GPM/main/index.html
}},
  note = {Accessed: 2017-09-30}
}

@misc{NASA_{CALIPSO},
  title = {{NASA} {CALIPSO}},
  howpublished = {\url{https://www.nasa.gov/mission_pages/calipso/main/index.html}},
  note = {Accessed: 2017-09-30}
}

@misc{NASA_datadownload,
  title = {{NASA} {CALIPSO}},
  howpublished = {\url{https://disc.gsfc.nasa.gov/data-access}},
  note = {Accessed: 2017-09-30}
}

@article{tp_thirdpole,
  title={From {T}ibetan {P}lateau to Third Pole and Pan-Third Pole},
  author={Yao, Tandong and Chen, Fahu and Cui, Peng and Ma, Yaoming and Xu, Baiqing and Zhu, Liping and Zhang, Fan and Wang, Weicai and Ai, Likun and Yang, Xiaoxin},
  journal={Bulletin of Chinese Academy of Sciences},
  year={2017},
}


@article{cloudsat_classification,
  title={Level 2 cloud scenario classification product process description and interface control document},
  author={Wang, Zhien and Sassen, Kenneth},
  journal={Version},
  volume={5},
  pages={50},
  year={2007}
}


@article{cloudsat_ice,
  title={Level 2 {C}loud{S}at-{CALIPSO} combined ice cloud property retrieval product process description document},
  author={Mace, M and Deng, Min},
  journal={NASA {C}loud{S}at Project Rep},
  year={2011}
}

@article{gpm_imerg,
  title={Integrated Multi-satellitE Retrievals for GPM (IMERG) technical documentation},
  author={Huffman, George J and Bolvin, David T and Nelkin, Eric J},
  journal={NASA/GSFC Code},
  volume={612},
  number={2015},
  pages={47},
  year={2015}
}


@misc{NCO,
  title={{NCO} User’s Guide},
  author={Zender, Charlie},
  year={2004},
  publisher={Version}
}



@article{stephens2002cloudsat,
  title={The {C}loud{S}at mission and the A-Train: A new dimension of space-based observations of clouds and precipitation},
  author={Stephens, Graeme L and Vane, Deborah G and Boain, Ronald J and Mace, Gerald G and Sassen, Kenneth and Wang, Zhien and Illingworth, Anthony J and O'Connor, Ewan J and Rossow, William B and Durden, Stephen L and others},
  journal={Bulletin of the American Meteorological Society},
  volume={83},
  number={12},
  pages={1771--1790},
  year={2002}
}


@article{cldparam2004,
  title={A revised approach to ice microphysical processes for the bulk parameterization of clouds and precipitation},
  author={Hong, Song-You and Dudhia, Jimy and Chen, Shu-Hua},
  journal={Monthly Weather Review},
  volume={132},
  number={1},
  pages={103--120},
  year={2004}
}

@article{CFAD1995,
  title={Three-dimensional kinematic and microphysical evolution of Florida cumulonimbus. {P}art I: {S}patial distribution of updrafts, downdrafts, and precipitation},
  author={Yuter, Sandra E and Houze Jr, Robert A},
  journal={Monthly Weather Review},
  volume={123},
  number={7},
  pages={1921--1940},
  year={1995}
}




@article{rcg2014review,
  title={Recent climate changes over the Tibetan Plateau and their impacts on energy and water cycle: A review},
  author={Yang, Kun and Wu, Hui and Qin, Jun and Lin, Changgui and Tang, Wenjun and Chen, Yingying},
  journal={Global and Planetary Change},
  volume={112},
  pages={79--91},
  year={2014},
  publisher={Elsevier}
}

@article{rcg2017wam,
  title={Recent changes in the moisture source of precipitation over the {T}ibetan {P}lateau},
  author={Zhang, Chi and Tang, Qiuhong and Chen, Deliang},
  journal={Journal of Climate},
  volume={30},
  number={5},
  pages={1807--1819},
  year={2017}
}


@article{rcg2017wetbias_obs,
  title={Evaluation of precipitable water vapor from four satellite products and four reanalysis datasets against {GPS} measurements on the Southern {T}ibetan {P}lateau},
  author={Wang, Yan and Yang, Kun and Pan, Zhengyang and Qin, Jun and Chen, Deliang and Lin, Changgui and Chen, Yingying and Lazhu and Tang, Wenjun and Han, Menglei and others},
  journal={Journal of Climate},
  volume={30},
  number={15},
  pages={5699--5713},
  year={2017}
}


@article{rcg2018wetbias_model,
  title={Impact of model resolution on simulating the water vapor transport through the central Himalayas: implication for models’ wet bias over the Tibetan Plateau},
  author={Lin, Changgui and Chen, Deliang and Yang, Kun and Ou, Tinghai},
  journal={Climate Dynamics},
  pages={1--13},
  year={2018},
  publisher={Springer}
}



@article{rcg2018lr,
  title={Temporal and spatial changes in estimated near-surface air temperature lapse rates on {T}ibetan {P}lateau},
  author={Wang, Yuanwei and Wang, Lei and Li, Xiuping and Chen, Deliang},
  journal={International Journal of Climatology},
  year={2018}
  publisher={Wiley Online Library}
}


@article{rcg2018weakening,
  title={Weakening relationship between vegetation growth over the Tibetan Plateau and large-scale climate variability},
  author={Shi, Fangzhong and Wu, Xiuchen and Li, Xiaoyan and Chen, Deliang and Liu, Hongyan and Liu, Shaomin and Hu, Xia and He, Bin and Shi, Chunming and Wang, Pei and others},
  journal={Journal of Geophysical Research: Biogeosciences},
  year={2018},
  publisher={Wiley Online Library}
}















@article{rcg2016anisotrophy,
  title={Satellite measurements reveal strong anisotropy in spatial coherence of climate variations over the {T}ibet {P}lateau},
  author={Chen, Deliang and Tian, Yudong and Yao, Tandong and Ou, Tinghai},
  journal={Scientific reports},
  volume={6},
  pages={30304},
  year={2016},
  publisher={Nature Publishing Group}
}



@article{rcg2017precextremes,
  title={Comparison between past and future extreme precipitations simulated by global and regional climate models over the {T}ibetan {P}lateau},
  author={Gao, Yanhong and Xiao, Linhong and Chen, Deliang and Xu, Jianwei and Zhang, Hongwen},
  journal={International Journal of Climatology},
  year={2017},
  publisher={Wiley Online Library}
}



@article{rcg2017wrf,
  title={Evaluation of WRF Simulations With Different Selections of Subgrid Orographic Drag Over the {T}ibetan {P}lateau},
  author={Zhou, X and Beljaars, A and Wang, Y and Huang, B and Lin, C and Chen, Y and Wu, H},
  journal={Journal of Geophysical Research: Atmospheres},
  volume={122},
  number={18},
  pages={9759--9772},
  year={2017},
  publisher={Wiley Online Library}
}



@article{d2004climate,
  title={Climate effects of the deep continental stratus clouds generated by the {T}ibetan {P}lateau},
  author={Yu, Rucong and Wang, Bin and Zhou, Tianjun},
  journal={Journal of Climate},
  volume={17},
  number={13},
  pages={2702--2713},
  year={2004}
}



@article{d2007summer,
  title={Summer dust aerosols detected from {CALIPSO} over the {T}ibetan {P}lateau},
  author={Huang, Jianping and Minnis, Patrick and Yi, Yuhong and Tang, Qiang and Wang, Xin and Hu, Yongxiang and Liu, Zhaoyan and Ayers, Kirk and Trepte, Charles and Winker, David},
  journal={Geophysical Research Letters},
  volume={34},
  number={18},
  year={2007},
  publisher={Wiley Online Library}
}



@article{d2003relationship,
  title={Relationship between the {T}ibetan {P}lateau heating and {E}ast {A}sian summer monsoon rainfall},
  author={Hsu, Huang-Hsiung and Liu, Xin},
  journal={Geophysical Research Letters},
  volume={30},
  number={20},
  year={2003},
  publisher={Wiley Online Library}
}



@book{andronache2018remote,
  title={Remote Sensing of Clouds and Precipitation},
  author={Andronache, Constantin},
  year={2018},
  publisher={Springer}
}


@article{zhang2004monsooncharacteristics,
  title={Characteristics, evolution and mechanisms of the summer monsoon onset over Southeast Asia},
  author={Zhang, Zuqiang and Chan, Johnny CL and Ding, Yihui},
  journal={International Journal of Climatology},
  volume={24},
  number={12},
  pages={1461--1482},
  year={2004},
  publisher={Wiley Online Library}
}


@article{feng2011tropopause,
  title={Is the tropopause higher over the {T}ibetan {P}lateau? Observational evidence from Constellation Observing System for Meteorology, Ionosphere, and Climate {(COSMIC)} data},
  author={Feng, Sha and Fu, Yunfei and Xiao, Qingnong},
  journal={Journal of Geophysical Research: Atmospheres},
  volume={116},
  number={D21},
  year={2011},
  publisher={Wiley Online Library}
}


@article{yang2016tropopspaus,
  title={Annual variations of the tropopause height over the Tibetan Plateau compared with those over other regions},
  author={Yang, Shuangyan and Hu, Jinggao and Qin, Yalan},
  journal={Dynamics of Atmospheres and Oceans},
  volume={76},
  pages={83--92},
  year={2016},
  publisher={Elsevier}
}


@article{stratos_hydration2006,
  title={Short circuit of water vapor and polluted air to the global stratosphere by convective transport over the {T}ibetan {P}lateau},
  author={Fu, Rong and Hu, Yuanlong and Wright, Jonathon S and Jiang, Jonathan H and Dickinson, Robert E and Chen, Mingxuan and Filipiak, Mark and Read, William G and Waters, Joe W and Wu, Dong L},
  journal={Proceedings of the National Academy of Sciences},
  volume={103},
  number={15},
  pages={5664--5669},
  year={2006},
  publisher={National Acad Sciences}
}



@article{IPCC2007south,
  title={South {A}sian summer monsoon precipitation variability: coupled climate model simulations and projections under IPCC AR4},
  author={Kripalani, RH and Oh, JH and Kulkarni, Ashwini and Sabade, SS and Chaudhari, HS},
  journal={Theoretical and Applied Climatology},
  volume={90},
  number={3-4},
  pages={133--159},
  year={2007},
  publisher={Springer}
}



@article{solenoid2014zhang,
  title={Impacts of diurnal variation of mountain-plain solenoid circulations on precipitation and vortices east of the {T}ibetan {P}lateau during the mei-yu season},
  author={Zhang, Yuanchun and Sun, Jianhua and Fu, Shenming},
  journal={Advances in Atmospheric Sciences},
  volume={31},
  number={1},
  pages={139--153},
  year={2014},
  publisher={Springer}
}


@article{dpr_evaluation2017,
  title={Evaluation of the {GPM-DPR} snowfall detection capability: Comparison with {C}loudSat-{CPR}},
  author={Casella, Daniele and Panegrossi, Giulia and San{\`o}, Paolo and Marra, Anna Cinzia and Dietrich, Stefano and Johnson, Benjamin T and Kulie, Mark S},
  journal={Atmospheric Research},
  volume={197},
  pages={64--75},
  year={2017},
  publisher={Elsevier}
}



@article{caliop_ice2005,
  title={Extinction-ice water content-effective radius algorithms for {CALIPSO}},
  author={Heymsfield, Andrew J and Winker, Dave and van Zadelhoff, Gerd-Jan},
  journal={Geophysical research letters},
  volume={32},
  number={10},
  year={2005},
  publisher={Wiley Online Library}
}




@article{gpm_eval_usa2018,
  title={Evaluation of diurnal variation of GPM IMERG derived summer precipitation over the contiguous US using {MRMS} data},
  author={Sungmin, O and Kirstetter, P-E},
  journal={Quarterly Journal of the Royal Meteorological Society},
    year={2018},
  publisher={Wiley Online Library}
}




@incollection{gpm_mcs2017,
  title={Use of {G}lobal {P}recipitation {M}easurement’s satellite data for the study of a mesoscale convective system},
  author={Mitropoulos, D and Feidas, H},
  booktitle={Perspectives on Atmospheric Sciences},
  pages={209--215},
  year={2017},
  publisher={Springer}
}




@article{cloudsat_lowlevel2011,
  title={Cloud features detected by {MODIS} but not by {C}loudSat and {CALIOP}},
  author={Chan, Mark Aaron and Comiso, Josefino C},
  journal={Geophysical Research Letters},
  volume={38},
  number={24},
  year={2011},
  publisher={Wiley Online Library}
}




@article{sensitivity_gpm2015,
  title={The sensitivity of rainfall estimation to error assumptions in a Bayesian passive microwave retrieval algorithm},
  author={Elsaesser, Gregory S and Kummerow, Christian D},
  journal={Journal of Applied Meteorology and Climatology},
  volume={54},
  number={2},
  pages={408--422},
  year={2015}
}


@article{sassen2008classifying,
  title={Classifying clouds around the globe with the CloudSat radar: 1-year of results},
  author={Sassen, Kenneth and Wang, Zhien},
  journal={Geophysical Research Letters},
  volume={35},
  number={4},
  year={2008},
  publisher={Wiley Online Library}
}


@article{marchand2008geoprof,
  title={Hydrometeor detection using CloudSat—An Earth-orbiting 94-GHz cloud radar},
  author={Marchand, Roger and Mace, Gerald G and Ackerman, Thomas and Stephens, Graeme},
  journal={Journal of Atmospheric and Oceanic Technology},
  volume={25},
  number={4},
  pages={519--533},
  year={2008}
}


@article{ipccar52015indian_mons,
  title={Robust signals of future projections of Indian summer monsoon rainfall by IPCC AR5 climate models: Role of seasonal cycle and interannual variability},
  author={Jayasankar, CB and Surendran, Sajani and Rajendran, Kavirajan},
  journal={Geophysical Research Letters},
  volume={42},
  number={9},
  pages={3513--3520},
  year={2015},
  publisher={Wiley Online Library}
}



@article{karakoram2014snowfall,
  title={Snowfall less sensitive to warming in Karakoram than in Himalayas due to a unique seasonal cycle},
  author={Kapnick, Sarah B and Delworth, Thomas L and Ashfaq, Moetasim and Malyshev, Sergey and Milly, Paul CD},
  journal={Nature Geoscience},
  volume={7},
  number={11},
  pages={834},
  year={2014},
  publisher={Nature Publishing Group}
}


@article{largescale2016,
  title={Large-scale circulation classification and its links to observed precipitation in the eastern and central {T}ibetan {P}lateau},
  author={Liu, Wenbin and Wang, Lei and Chen, Deliang and Tu, Kai and Ruan, Chengqing and Hu, Zengyun},
  journal={Climate dynamics},
  volume={46},
  number={11-12},
  pages={3481--3497},
  year={2016},
  publisher={Springer}
}





@article{xiangde2002floods,
  title={The relationship between water vapor transport features of {T}ibetan {P}lateau-monsoon “large triangle” affecting region and drought-flood abnormality of {C}hina},
  author={Xiangde, Xu and Shiyan, Tao and Jizhi, Wang and Lianshou, Chen and Li, Zhou and Xiurong, Wang},
  journal={Acta Meteorologica Sinica},
  volume={60},
  number={3},
  pages={257--266},
  year={2002}
}



@article{aerosol2006monsoon,
  title={Asian summer monsoon anomalies induced by aerosol direct forcing: the role of the {T}ibetan {P}lateau},
  author={Lau, KM and Kim, MK and Kim, KM},
  journal={Climate dynamics},
  volume={26},
  number={7-8},
  pages={855--864},
  year={2006},
  publisher={Springer}
}



@article{cirrus2005MODIS,
  title={Seasonal migration of cirrus clouds over the Asian Monsoon regions and the {T}ibetan {P}lateau measured from {MODIS}/Terra},
  author={Chen, Baode and Liu, Xiaodong},
  journal={Geophysical research letters},
  volume={32},
  number={1},
  year={2005},
  publisher={Wiley Online Library}
}




@article{feedbacks,
  title={Review of climate and cryospheric change in the {T}ibetan {P}lateau},
  author={Kang, Shichang and Xu, Yanwei and You, Qinglong and Fl{\"u}gel, Wolfgang-Albert and Pepin, Nick and Yao, Tandong},
  journal={Environmental Research Letters},
  volume={5},
  number={1},
  pages={015101},
  year={2010},
  publisher={IOP Publishing}
}



@article{cloudsat2015anomaly,
  title={CloudSat anomaly and return to the A-Train: lessons learned for satellite constellations},
  author={Vane, Deborah},
  year={2015},
  publisher={Pasadena, CA: Jet Propulsion Laboratory, National Aeronautics and Space Administration, 2015}
}

@article{kummerow2014algorithm_gpm,
  title={Global {P}recipitation {M}easurement {(GPM)} mission},
  author={Kummerow, C and Randel, D and Kirstetter, P and Wang, NY and Petkovic, V and Kulie, M and Ferraro, R},
  journal={Algorithm Theoretical Basis Doc., version},
  volume={1},
  pages={46},
  year={2014}
}



@article{bechtold2004simulation,
  title={The simulation of the diurnal cycle of convective precipitation over land in a global model},
  author={Bechtold, Pedro and Chaboureau, J-P and Beljaars, A and Betts, AK and K{\"o}hler, M and Miller, M and Redelsperger, J-L},
  journal={Quarterly Journal of the Royal Meteorological Society},
  volume={130},
  number={604},
  pages={3119--3137},
  year={2004},
  publisher={Wiley Online Library}
}



@article{yu2007diurnal,
  title={Diurnal variations of summer precipitation over contiguous China},
  author={Yu, Rucong and Zhou, Tianjun and Xiong, Anyuan and Zhu, Yanjun and Li, Jiming},
  journal={Geophysical Research Letters},
  volume={34},
  number={1},
  year={2007},
  publisher={Wiley Online Library}
}



@article{sato2009influences,
  title={Influences of subtropical jet and Tibetan Plateau on precipitation pattern in Asia: insights from regional climate modeling},
  author={Sato, Tomonori},
  journal={Quaternary International},
  volume={194},
  number={1-2},
  pages={148--158},
  year={2009},
  publisher={Elsevier}
}




@article{schiemann2009seasonality,
  title={Seasonality and interannual variability of the westerly jet in the Tibetan Plateau region},
  author={Schiemann, Reinhard and L{\"u}thi, Daniel and Sch{\"a}r, Christoph},
  journal={Journal of Climate},
  volume={22},
  number={11},
  pages={2940--2957},
  year={2009}
}



@article{EDW2015,
  title={Elevation-dependent warming in mountain regions of the world},
  author={Pepin, N and Bradley, RS and Diaz, HF and Bara{\"e}r, Michel and Caceres, EB and Forsythe, N and Fowler, H and Greenwood, Gregory and Hashmi, MZ and Liu, XD and others},
  journal={Nature Climate Change},
  volume={5},
  number={5},
  pages={424},
  year={2015},
  publisher={Nature Publishing Group}
}

@article{EDW_tp2009,
  title={Elevation dependency of recent and future minimum surface air temperature trends in the Tibetan Plateau and its surroundings},
  author={Liu, Xiaodong and Cheng, Zhigang and Yan, Libin and Yin, Zhi-Yong and others},
  journal={Global and Planetary Change},
  volume={68},
  number={3},
  pages={164},
  year={2009},
  publisher={Citeseer}
}


@article{qiu2008thirdpole,
  title={{C}hina: the third pole},
  author={Qiu, Jane},
  journal={Nature News},
  volume={454},
  number={7203},
  pages={393--396},
  year={2008},
  publisher={Nature Publishing Group}
}


@article{yao2012TPE,
  title={Third pole environment (TPE)},
  author={Yao, Tandong and Thompson, Lonnie G and Mosbrugger, Volker and Zhang, Fan and Ma, Yaoming and Luo, Tianxiang and Xu, Baiqing and Yang, Xiaoxin and Joswiak, Daniel R and Wang, Weicai and others},
  journal={Environmental Development},
  volume={3},
  pages={52--64},
  year={2012},
  publisher={Elsevier}
}



@article{bibi2018climatic,
  title={Climatic and associated cryospheric, biospheric, and hydrological changes on the Tibetan Plateau: a review},
  author={Bibi, Sadia and Wang, Lei and Li, Xiuping and Zhou, Jing and Chen, Deliang and Yao, Tandong},
  journal={International Journal of Climatology},
  volume={38},
  pages={e1--e17},
  year={2018},
  publisher={Wiley Online Library}
}




@article{duan2006changeclds,
  title={Change of cloud amount and the climate warming on the Tibetan Plateau},
  author={Duan, Anmin and Wu, Guoxiong},
  journal={Geophysical Research Letters},
  volume={33},
  number={22},
  year={2006},
  publisher={Wiley Online Library}
}



@article{himawari2018diurnal,
  title={Diurnal cycle and seasonal variation of cloud cover over the Tibetan Plateau as determined from Himawari-8 new-generation geostationary satellite data},
  author={Shang, Huazhe and Letu, Husi and Nakajima, Takashi Y and Wang, Ziming and Ma, Run and Wang, Tianxing and Lei, Yonghui and Ji, Dabin and Li, Shenshen and Shi, Jiancheng},
  journal={Scientific reports},
  volume={8},
  number={1},
  pages={1105},
  year={2018},
  publisher={Nature Publishing Group}
}




@article{shallowconvection2011intercomparison,
  title={Intercomparison of deep convection over the Tibetan Plateau--Asian monsoon region and subtropical North America in boreal summer using CloudSat/CALIPSO data},
  author={Luo, Yali and Zhang, Renhe and Qian, Weimiao and Luo, Zhengzhao and Hu, Xin},
  journal={Journal of Climate},
  volume={24},
  number={8},
  pages={2164--2177},
  year={2011}
}




@article{cirrus2013naqu,
  title={The properties and formation of cirrus clouds over the Tibetan Plateau based on summertime lidar measurements},
  author={He, QS and Li, CC and Ma, JZ and Wang, HQ and Shi, GM and Liang, ZR and Luan, Q and Geng, FH and Zhou, XW},
  journal={Journal of the Atmospheric Sciences},
  volume={70},
  number={3},
  pages={901--915},
  year={2013}
}


@article{calipso2009overview_winker,
  title={Overview of the CALIPSO mission and CALIOP data processing algorithms},
  author={Winker, David M and Vaughan, Mark A and Omar, Ali and Hu, Yongxiang and Powell, Kathleen A and Liu, Zhaoyan and Hunt, William H and Young, Stuart A},
  journal={Journal of Atmospheric and Oceanic Technology},
  volume={26},
  number={11},
  pages={2310--2323},
  year={2009}
}



@article{monsoon_season_def2002,
  title={Rainy season of the Asian--Pacific summer monsoon},
  author={Wang, Bin},
  journal={Journal of Climate},
  volume={15},
  number={4},
  pages={386--398},
  year={2002}
}




@article{mcs2008,
  title={Characteristics of summer convective systems initiated over the Tibetan Plateau. Part I: Origin, track, development, and precipitation},
  author={Yaodong, Li and Yun, Wang and Yang, Song and Liang, Hu and Shouting, Gao and Fu, Rong},
  journal={Journal of Applied Meteorology and Climatology},
  volume={47},
  number={10},
  pages={2679--2695},
  year={2008}
}



@article{mcs2017,
  title={The regional differences of Tibetan convective systems in boreal summer},
  author={Hu, Liang and Deng, Difei and Xu, Xiangde and Zhao, Ping},
  journal={Journal of Geophysical Research: Atmospheres},
  volume={122},
  number={14},
  pages={7289--7299},
  year={2017},
  publisher={Wiley Online Library}
}



@article{mcs2016,
  title={The seasonal variation of Tibetan convective systems: satellite observation},
  author={Hu, Liang and Deng, Difei and Gao, Shouting and Xu, Xiangde},
  journal={Journal of Geophysical Research: Atmospheres},
  volume={121},
  number={10},
  pages={5512--5525},
  year={2016},
  publisher={Wiley Online Library}
}




@article{yao2018recent,
  title={Recent Third Pole’s rapid warming accompanies cryospheric melt and water cycle intensification and interactions between monsoon and environment: multi-disciplinary approach with observation, modeling and analysis},
  author={Yao, Tandong and Xue, Yongkang and Chen, Deliang and Chen, Fahu and Thompson, Lonnie and Cui, Peng and Koike, Toshio and Lau, William K-M and Lettenmaier, Dennis and Mosbrugger, Volker and others},
  journal={Bulletin of the American Meteorological Society},
  number={2018},
  year={2018}
}





















